<?xml version="1.0" encoding="UTF-8"?><collection xmlns="http://www.loc.gov/MARC21/slim"><record><leader>00352nam--2200133-i-4500</leader><controlfield tag="001">000021151</controlfield><controlfield tag="002">20161230</controlfield><controlfield tag="005">20161230201034</controlfield><controlfield tag="008">060222s1000------------r-----000-0-eng-d</controlfield><datafield ind1=" " ind2=" " tag="100"><subfield code="a">Jackson, L.C</subfield></datafield><datafield ind1=" " ind2=" " tag="245"><subfield code="a">Low temperature physics. 4-th edition</subfield></datafield><datafield ind1=" " ind2=" " tag="260"><subfield code="a">London, Methen, /1955/, Viii + 158 P.Cu Fig</subfield></datafield><datafield ind1=" " ind2=" " tag="490"><subfield code="a">Methens Monographs ..</subfield></datafield><datafield ind1=" " ind2=" " tag="852"><subfield code="a">12034</subfield></datafield></record></collection>